5148 3756
279 163 557 229 Januari
596 152 756 208 1528

160 186 258 240 28

317 264 578 322 januari
613 255 726 306 157

1051 294 1227 342 Anno
1270 288 1401 338 xvc

201 407 390 456 Impost
422 406 516 452 ter
545 406 673 462 ende
702 415 891 463 hebben
922 415 1048 460 voor
1079 414 1330 460 antwoort
1361 411 1581 459 gegeven
1611 408 1738 456 opde
1767 400 2019 452 Imposten
2049 393 2269 444 gevaemt

210 467 580 526 fortifuaebeke
608 467 689 533 tot
715 479 1056 532 fortificatie
1084 477 1254 524 vanden
1282 476 1424 521 stadt
1451 475 1564 521 ende
1592 471 1735 519 heml.
1761 469 1819 516 by
1846 459 2102 514 gestrifte
2128 454 2242 503 ouer

601 557 852 610 gelevert
882 554 977 601 dat
1007 551 1071 598 hy
1101 545 1602 596 condescendeerden
1632 543 1726 590 end
1756 540 1851 588 hem
1881 523 2225 584 goetwillich

621 631 796 681 souden
824 627 970 675 laten
998 624 1172 671 vynden
1200 623 1316 669 Inde
1344 621 1489 667 selue
1517 617 1778 666 Imposten,
1806 615 1865 661 so
1892 613 1951 659 zy
1979 602 2245 657 begeerden

616 709 708 754 dat
739 708 801 754 de
829 702 1197 753 fortificatie
1227 698 1412 747 vanden
1440 695 1594 743 stadt
1624 691 1809 740 ymmers
1837 682 2113 735 gevordert
2143 675 2296 726 worde

606 785 826 835 Stellen
856 782 951 829 dat
981 774 1325 826 zwaricheyt,
1355 772 1450 818 die
1479 767 1730 816 gemaeckt
1760 764 1886 811 wort
1917 762 2042 809 opde
2071 754 2446 807 coipmanschap

608 858 710 905 die
743 851 1115 903 butenslants
1148 847 1385 896 gevuert
1418 845 1553 891 wort
1587 843 1722 890 ende
1754 841 1924 888 goede
1956 834 2260 885 discretie

597 931 814 978 vanden
850 930 995 977 Raet
1030 928 1140 975 des
1175 927 1356 973 stadt
1392 926 1537 972 Ende
1572 925 1645 971 de
1681 923 1826 970 Raet
1860 921 1970 968 dit
2005 916 2261 965 consent

610 1010 853 1061 gehoort
888 1007 1095 1055 hebben
1129 1005 1302 1052 heeft
1336 999 1751 1050 geresolueert
1784 996 1889 1044 dat
1922 994 2027 1041 men
2060 991 2165 1038 mit
2198 987 2302 1035 die

602 1088 1001 1138 verpachtinge
1033 1084 1200 1132 vande
1233 1082 1399 1129 selue
1431 1077 1698 1127 Imposten
1730 1073 1931 1122 voirts
1963 1069 2130 1118 varen
2162 1066 2297 1114 sall

596 1168 757 1214 laten
790 1169 854 1214 de
886 1164 1270 1214 coopmanschap
1302 1163 1398 1209 vrn
1430 1162 1526 1208 als
1557 1160 1686 1207 opte
1717 1154 1910 1204 staten
1942 1151 2198 1198 Imposten
2229 1149 2421 1196 geseyt

612 1245 720 1292 en

1115 1424 1219 1472 Den
1250 1420 1453 1471 xxixen
1486 1418 1721 1464 January

576 1623 636 1671 De
664 1624 810 1670 lyste
838 1624 984 1669 vande
1012 1623 1245 1669 Imposten
1274 1622 1478 1668 geraemt
1507 1621 1595 1667 tot
1622 1615 1972 1665 fortificatie
2000 1610 2176 1659 vanden
2203 1605 2353 1654 stadt

639 1697 702 1745 es
729 1695 790 1741 op
818 1692 997 1739 huyden
1026 1690 1174 1736 inden
1204 1689 1323 1735 Rade
1352 1687 1560 1734 gelesen
1589 1686 1708 1732 ende
1736 1683 1974 1731 belieft,
2003 1681 2064 1727 en
2091 1679 2181 1726 een
2210 1674 2388 1723 dubbel

631 1766 850 1818 vandien
880 1763 1006 1811 ouer
1037 1761 1286 1808 gesonden
1316 1761 1441 1806 ande
1472 1761 1597 1806 vyff
1627 1757 1938 1806 godshuysen
1969 1756 2032 1802 om
2062 1748 2404 1801 foirconsent

648 1843 808 1890 danop
839 1840 967 1887 mede
997 1839 1062 1885 te
1092 1835 1315 1883 hebben/

618 2074 678 2123 Op
703 2077 870 2124 huyden
898 2076 954 2121 is
981 2075 1121 2121 byden
1147 2072 1260 2119 Rade
1288 2069 1623 2117 geresolueert
1650 2068 1817 2114 datmen
1844 2064 2068 2113 terstont
2095 2062 2374 2109 comitteren

685 2138 816 2184 sall
848 2137 946 2183 die
978 2136 1109 2182 aude
1140 2132 1337 2180 Excie.
1369 2130 1500 2176 vand
1532 2128 1728 2175 Poince
1759 2127 1857 2173 vae
1890 2124 2183 2172 Ovaengien
2215 2123 2313 2170 als

675 2200 1016 2248 stadthouder
1047 2197 1325 2245 vervolgen
1356 2197 1511 2242 sall,
1541 2196 1634 2242 dat
1665 2196 1727 2241 de
1757 2195 1881 2240 weth
1912 2194 2098 2240 binnen
2128 2192 2438 2239 Amersfoort

672 2267 1022 2314 vernyeuwt,
1057 2267 1197 2313 ende
1231 2265 1302 2311 de
1336 2263 1616 2310 burgeren
1651 2262 1861 2308 aldaer
1895 2261 2035 2307 mede
2070 2259 2245 2306 onder
2279 2251 2351 2302 de

661 2337 931 2389 vendelen
964 2335 1231 2382 gebrocht
1265 2333 1499 2380 mochten
1532 2331 1766 2378 worden,
1798 2330 1898 2376 ten
1932 2329 2099 2375 eynde
2131 2326 2232 2373 men
2264 2324 2368 2373 van

670 2415 784 2461 die
822 2413 936 2460 van
973 2409 1351 2458 Amersfoort
1389 2407 1616 2454 geheel
1653 2404 1994 2452 versekert
2031 2404 2184 2452 mach
2220 2408 2339 2457 zyn
2370 2417 2408 2463 e

657 2494 770 2545 dat
805 2491 916 2538 tot
951 2485 1281 2535 bewaringe
1317 2484 1427 2530 van
1463 2484 1646 2529 thuys
1682 2484 1974 2532 tApconde
2010 2487 2083 2533 by
2119 2484 2193 2532 zy
2222 2469 2301 2524 E.

668 2561 1065 2613 geordonneert
1098 2559 1230 2606 ende
1263 2558 1494 2604 versien
1527 2558 1692 2603 werde
1725 2557 2057 2605 naebehoren

580 2769 647 2819 De
679 2775 811 2822 Raet
843 2777 1007 2823 heeft
1039 2778 1431 2824 gecomitteert
1463 2779 1561 2824 dan
1594 2780 1692 2825 van
1725 2780 1954 2825 Donenen
1986 2780 2215 2825 anderde
2247 2779 2413 2827 Camer

662 2846 757 2893 tot
787 2847 881 2893 den
912 2845 1162 2892 Ontfanck
1192 2843 1348 2890 vande
1379 2842 1660 2888 Restanten
1690 2842 1846 2888 vande
1877 2843 2033 2888 grote
2064 2842 2375 2888 quotisatie

661 2914 795 2962 oick
828 2914 927 2960 van
960 2914 1158 2960 cleyne
1191 2912 1422 2959 leninge
1455 2910 1587 2957 ende
1620 2910 2115 2956 schoorsteengelt
2148 2911 2346 2956 Diemen
2379 2911 2444 2956 nt

624 2984 843 3031 voirts
880 2985 1207 3031 vuytmanen
1243 2985 1389 3030 ofte
1424 2985 1497 3030 by
1533 2982 1824 3030 executie
1860 2979 2078 3027 sonmen
2113 2974 2295 3023 sall,

285 1664 384 1710 uts

252 2539 376 2597 Huijs
396 2533 448 2582 t'
468 2516 639 2575 Abrende

250 2145 627 2216 Amerffoort

2841 147 3076 199 Januari

2707 176 2747 225 30

2692 294 2733 343 1
2759 244 3054 333 februari

3127 129 3226 189 15

3100 224 3256 286 1578

3781 237 3994 286 Lxxvii

3655 353 3762 404 Den
3797 354 4006 403 lesten
4039 359 4285 409 January

3195 457 3343 502 Eede
3380 458 3491 503 Jan
3527 456 3639 502 pyl
3674 452 3860 500 zynen
3897 452 4045 497 eedt
4081 452 4192 497 als
4229 452 4376 497 Raet

3686 675 3801 725 Den
3837 673 4095 721 eersten
4131 668 4430 717 february

3190 854 3254 902 De
3285 850 3410 897 Raet
3439 848 3502 894 op
3532 844 3719 892 huyden
3750 841 3967 889 geladen
3999 839 4123 886 ende
4153 835 4433 884 vergadert
4463 832 4557 879 zyn
4587 827 4713 876 ende

3218 914 3409 960 gehowt
3440 910 3632 959 hebben
3663 908 3728 954 de
3759 901 4079 952 Resolutien
4109 898 4238 945 ende
4268 889 4588 942 apostillen
4618 886 4778 933 bydie

3235 980 3429 1027 vanden
3460 972 3881 1025 Geestlickheyt
3912 967 4139 1016 gegeven
4170 964 4300 1011 opde
4332 955 4591 1008 Imposten
4622 952 4848 999 geraemt

3227 1051 3426 1098 totter
3459 1045 3856 1095 fortificatie
3888 1043 4021 1090 desz
4052 1039 4252 1088 stadt,
4283 1035 4450 1083 heeft
4482 1031 4582 1079 nae
4613 1021 4794 1074 enige

3225 1123 3575 1173 deliberatie
3605 1121 3733 1168 daer
3764 1119 3829 1165 op
3859 1114 4114 1164 gehouden
4145 1107 4559 1158 geresolveert,
4590 1104 4780 1151 datmen

3238 1197 3395 1244 sonder
3421 1196 3474 1242 te
3500 1194 3657 1241 letten
3683 1193 3788 1239 opde
3813 1190 3997 1238 voirsz.
4022 1185 4285 1234 apestillen
4309 1182 4467 1229 voorts
4492 1179 4624 1226 varen
4649 1177 4754 1224 sull

3226 1268 3326 1315 mit
3357 1266 3424 1312 de
3455 1258 3849 1310 verpachtinge
3881 1255 3981 1302 der
4011 1251 4176 1299 voirs
4208 1246 4471 1295 geraemde
4503 1245 4766 1292 Imposten

3231 1339 3294 1384 op
3325 1333 3610 1384 Manendach
3640 1323 3956 1378 toecomende

3143 1674 3205 1720 De
3236 1672 3361 1719 Raet
3391 1671 3484 1717 der
3515 1668 3671 1716 Stadt
3701 1663 3919 1713 vliecht
3949 1656 4322 1708 resolverende
4351 1653 4476 1700 opde
4506 1648 4786 1698 verscrij

3232 1739 3386 1785 ninge
3416 1734 3601 1783 vanden
3631 1732 3816 1779 Staten
3845 1728 4000 1777 Jegen
4029 1723 4215 1772 huyden
4244 1717 4430 1767 gedaen
4459 1715 4583 1762 Ende
4613 1713 4766 1759 eerst

3242 1807 3346 1852 opt
3381 1804 3588 1852 eerste
3622 1802 3795 1849 punct
3828 1799 3967 1846 Seyt
4000 1795 4105 1843 dat
4137 1791 4208 1839 zy
4241 1785 4347 1834 van
4380 1777 4623 1828 meninge
4657 1776 4725 1822 es

3234 1880 3293 1927 de
3322 1878 3496 1924 staten
3524 1875 3784 1923 Imposten,
3812 1872 3929 1919 ende
3957 1870 4045 1917 bij
4072 1864 4218 1914 wesen
4246 1860 4334 1908 van
4360 1846 4738 1904 gedeputeerden

3229 1948 3360 1996 vane
3392 1951 3588 1996 Staten
3620 1950 3751 1996 voir
3782 1948 3881 1995 dit
3912 1942 4174 1993 toecomen
4205 1940 4272 1986 zy
4303 1935 4435 1984 soen
4466 1927 4663 1979 seluer
4694 1922 4760 1971 te

3223 2025 3552 2071 verpachten
3584 2023 3716 2070 opte
3748 2021 3880 2067 oude
3912 2014 4209 2065 ordonnan,
4240 2013 4274 2059 &
4305 2010 4372 2057 de
4404 2004 4569 2054 penn.
4600 2000 4736 2049 daer

3233 2101 3332 2148 van
3364 2101 3527 2148 comen
3559 2095 3885 2146 tontfangen
3916 2093 3982 2139 en
4013 2091 4079 2137 in
4111 2081 4405 2135 bewaringe
4436 2078 4502 2125 te
4534 2073 4729 2122 souden

3240 2179 3297 2227 op
3321 2179 3508 2227 sulcker
3534 2176 3800 2224 conditien,
3826 2173 3907 2220 als
3932 2171 3987 2218 zy
4012 2169 4067 2216 de
4092 2165 4253 2214 staten
4278 2161 4386 2209 doen
4411 2153 4652 2206 verclaren
4677 2146 4811 2197 heeft

3227 2433 3326 2479 Opt
3358 2430 3589 2478 anderde
3621 2426 3787 2474 punct
3819 2425 3951 2471 Seyt
3982 2422 4082 2470 dat
4114 2419 4181 2466 hy
4212 2410 4542 2464 onderricht
4573 2408 4640 2454 es
4673 2407 4771 2453 dat

3256 2500 3323 2549 de
3353 2496 3481 2544 heer
3511 2494 3608 2540 van
3639 2492 3766 2538 Orck
3797 2490 3894 2537 zyn
3924 2484 4179 2534 comissie
4210 2472 4529 2528 ouergedaen
4559 2465 4718 2516 heeft

3260 2570 3391 2616 even
3423 2567 3555 2614 ande
3586 2565 3685 2612 die
3716 2562 3815 2610 hem
3847 2558 3979 2606 dair
4010 2553 4142 2602 voor
4174 2543 4502 2597 driehonder
4533 2537 4729 2587 gulden

4049 2625 4199 2673 sall
4236 2621 4424 2670 Sulcx
4459 2616 4572 2665 dat
4609 2611 4721 2660 men

3255 2644 3319 2691 of
3351 2642 3477 2689 daer
3508 2639 3728 2687 omtrent
3758 2631 4009 2683 antellen

4054 2697 4190 2744 nyet
4223 2692 4427 2741 anders
4459 2689 4528 2736 en
4560 2687 4629 2733 is
4662 2684 4800 2733 ver

3244 2716 3376 2763 vande
3402 2714 3560 2761 selven
3585 2700 4009 2759 gesubstitueerden

4051 2773 4113 2819 so
4142 2770 4235 2818 zyn
4265 2766 4389 2814 loon
4418 2762 4542 2811 alse
4571 2756 4788 2806 hondert

3229 2787 3476 2836 wachten
3510 2784 3617 2831 dan
3650 2775 4001 2829 concussien

4089 2838 4281 2887 twelck
4312 2834 4473 2883 byden
4503 2829 4695 2878 Staten

3251 2864 3429 2911 gulden
3457 2863 3517 2908 te
3546 2857 3695 2907 cleyn
3723 2852 3872 2902 soude
3901 2850 4019 2896 zyn.

4476 2907 4522 2953 -

3258 2942 3390 2993 nyet
3421 2938 3489 2986 en
3519 2927 3750 2982 behoort
3780 2916 4010 2971 geleden
4042 2913 4109 2960 te
4140 2908 4340 2957 worden

2710 1776 2936 1830 Staten
2973 1762 3199 1820 Import

2699 872 3151 955 Importenten

2696 965 2968 1030 fortificae
2992 951 3182 1008 behoeft

4862 154 4896 204 17
