5347 3759
259 233 343 288 16
374 185 686 272 augustus
722 168 878 228 1578

1300 266 1498 322 Anno
1544 279 1646 332 xv

761 422 989 469 hebben,
1022 425 1184 472 heeft
1216 427 1314 473 dan
1345 429 1410 474 op
1442 430 1572 476 voir
1604 432 1863 477 antwoort
1896 432 2026 477 doen
2058 432 2219 477 geuen

758 488 853 535 dat
884 490 948 536 de
978 492 1167 538 Staten
1197 493 1291 538 van
1323 493 1544 543 Utrecht
1574 499 1764 548 onlanx
1793 504 2075 549 ontfangen
2107 504 2263 549 hebbn

776 565 1002 611 brieven
1034 566 1131 611 van
1163 566 1292 612 zyne
1323 567 1517 615 Alteze
1549 570 1647 617 mit
1677 573 1871 622 sekere
1902 577 2160 624 poincten
2192 579 2294 627 ge„

781 640 1115 687 concipieert
1146 641 1207 686 op
1237 641 1298 687 de
1328 642 1601 690 Religions
1631 646 1814 696 vrede,
1843 651 1996 700 somme
2025 656 2148 703 Dair
2177 658 2237 704 op

770 720 1046 769 resolutie
1076 723 1138 769 te
1168 723 1321 769 geven
1352 724 1475 770 ende
1505 726 1568 772 ay
1596 728 1688 773 zyn
1719 728 1903 775 Altese
1933 731 2086 778 weder
2116 733 2238 779 ouer

767 804 826 851 te
855 804 1087 853 seynden,
1115 808 1289 853 houden
1317 808 1491 853 midler
1520 808 1607 854 tyt
1635 809 1751 856 alle
1780 811 1896 858 Rust
1924 813 2040 859 ende
2068 814 2328 860 eendracht

745 886 902 933 Onder
933 888 1120 935 stadt,
1151 890 1338 936 sonder
1369 891 1463 936 yet
1494 891 1681 936 nyeuws
1712 892 1775 937 te
1805 893 2118 944 attenteren
2148 899 2273 947 ofte

745 961 1148 1013 Iimoneren,
1188 970 1630 1017 wiensvolgen
1670 972 1952 1019 deselue
1991 975 2232 1022 Staten

763 1039 898 1087 elcx
931 1043 1033 1090 Int
1064 1045 1432 1094 particulier
1465 1049 1632 1096 heurl
1665 1051 1899 1097 genomen
1932 1052 2034 1099 ene
2066 1054 2266 1102 voirts

766 1121 1029 1171 besloten
1061 1126 1127 1172 an
1159 1127 1290 1174 zyne
1323 1129 1520 1175 Alteze
1552 1130 1945 1176 ouergesonden
1977 1131 2142 1179 hebb,
2174 1135 2308 1187 ver„

747 1196 1017 1249 wachten)
1050 1205 1185 1251 danr
1218 1207 1286 1252 op
1319 1208 1420 1254 die
1454 1209 1758 1259 eyntlicke
1790 1215 2128 1265 dispositie
2160 1219 2294 1266 ende

753 1277 1085 1330 resolutie
1122 1286 1234 1333 van
1268 1289 1452 1335 selue
1489 1291 1637 1338 syne
1672 1294 1930 1345 Altesse
1966 1301 2041 1348 en
2076 1302 2262 1349 guale

757 1360 992 1409 staten,
1025 1364 1126 1410 Dat
1159 1365 1293 1411 oock
1326 1367 1394 1413 de
1426 1369 1561 1417 Raet
1593 1372 1728 1420 dese
1760 1376 1927 1423 stadt
1961 1378 2194 1425 gelooft

744 1440 879 1488 ende
912 1443 1180 1491 gesworen
1213 1446 1382 1493 heeft
1414 1449 1516 1496 die
1547 1451 1915 1501 Pacificatie
1949 1457 2051 1503 van
2083 1459 2217 1508 Gent

765 1516 898 1565 vnue
930 1521 1030 1568 end
1061 1523 1390 1573 declaratie
1422 1528 1521 1574 van
1553 1528 1752 1576 guadle
1784 1532 1982 1579 staten
2014 1534 2147 1582 daur
2178 1538 2244 1585 op

754 1597 1050 1648 gevolcht,
1083 1603 1149 1649 te
1181 1604 1577 1658 onderhouden.

1588 1612 1776 1660 sonder
1807 1614 1962 1660 enige
1993 1616 2334 1667 nyenwicheyt

750 1678 866 1728 aen
904 1684 981 1730 te
1019 1685 1289 1735 gripen,
1325 1691 1555 1738 Gelycx
1593 1691 1823 1739 dselve
1862 1694 2016 1741 zyne
2053 1686 2245 1741 Extie

746 1762 819 1811 by
854 1762 1030 1811 monde
1063 1766 1169 1813 als
1202 1769 1272 1815 by
1307 1770 1621 1818 gescrifte
1655 1773 1725 1818 de
1760 1774 2110 1826 magistraet
2143 1782 2282 1831 oick

749 1836 876 1887 doen
906 1843 1158 1893 vermanen
1187 1848 1345 1896 heeft
1375 1852 1501 1899 Rust
1531 1854 1656 1901 ende
1687 1856 1970 1906 eendracht
2000 1862 2064 1908 te
2094 1864 2282 1913 houden

725 1931 857 1979 Ende
888 1933 985 1978 dat
1017 1933 1082 1979 om
1114 1934 1243 1979 dese
1275 1934 1404 1980 ende
1436 1935 1565 1980 ande
1597 1935 1824 1985 oedenen
1854 1941 1920 1987 de
1951 1942 2273 1996 Magistraet

762 2008 830 2055 in
862 2010 995 2057 hare
1028 2012 1194 2059 macht
1227 2014 1360 2060 nyet
1393 2015 1460 2061 en
1493 2016 1660 2064 hadde
1692 2020 1760 2066 op
1792 2022 1993 2071 haerl.
2024 2027 2290 2080 versouck

751 2088 828 2137 te
863 2089 1262 2139 disponeren,
1298 2094 1443 2140 maer
1479 2096 1588 2142 dat
1624 2097 1842 2145 tselue
1878 2100 2133 2150 toequam
2168 2106 2313 2157 Syne

721 2172 944 2218 Altese
981 2173 1129 2219 ende
1165 2174 1239 2220 de
1276 2175 1498 2221 guadle
1534 2177 1794 2227 staten,
1830 2183 1979 2230 heml
2014 2186 2310 2239 danromme

708 2248 1060 2298 versoucken)
1092 2253 1316 2300 begeven
1348 2255 1476 2301 ende
1508 2257 1764 2304 vermanen
1795 2260 1924 2307 seer
1955 2263 2307 2317 vruntlicken

730 2322 853 2370 dait
883 2326 945 2372 zy
974 2327 1066 2373 hem
1095 2328 1218 2376 voir
1247 2331 1369 2377 desz
1400 2332 1493 2379 tyt
1521 2334 1705 2382 souden
1734 2337 1917 2385 willen
1947 2340 2282 2394 contenteren

738 2393 1047 2448 verbeyden)
1077 2403 1170 2450 tot
1200 2405 1293 2452 dat
1323 2407 1385 2453 by
1416 2408 1539 2455 zyne
1569 2411 1816 2462 hoicheyt
1846 2418 1970 2467 ende
2000 2423 2063 2469 de
2092 2425 2277 2474 guadle

749 2476 952 2523 staten
985 2478 1086 2524 dan
1119 2479 1254 2526 Inne
1287 2481 1523 2531 versien
1555 2487 1657 2534 sal
1690 2490 1792 2538 zyn
1824 2493 1892 2540 so
1924 2495 2127 2544 dselue
2159 2499 2266 2548 tot

744 2552 867 2598 kust
897 2553 1020 2600 ende
1050 2555 1296 2605 welnaven
1326 2561 1511 2610 vanden
1540 2566 1847 2617 Vaderlande
1876 2572 2121 2621 bebynden
2151 2577 2337 2627 sullen

751 2632 808 2677 te
836 2631 1034 2677 behoren

692 2809 790 2858 Dit
819 2810 983 2861 selve
1013 2816 1111 2863 den
1142 2819 1336 2867 voirsz
1366 2823 1623 2871 burgeren
1656 2826 2043 2877 voirgesonden
2073 2832 2233 2878 zynde

745 2868 928 2924 hebyn
963 2880 1109 2928 dene
1144 2884 1326 2933 monde
1361 2888 1652 2937 alsbouen
1687 2894 1797 2942 den
1832 2898 1978 2946 Raet
2013 2901 2303 2952 bedanckt

4869 173 4979 226 56

2824 175 2907 222 25
2947 172 3272 220 Augustus
3313 160 3476 216 1578

2832 295 2915 345 26
2954 276 3280 338 auguslut
3319 272 3481 321 1548

3803 253 4031 303 Lipxvin

2846 428 2887 475 W
2923 419 3220 474 angusten

3249 428 3351 482 Gen
3385 434 3519 481 here
3552 434 3619 480 de
3652 432 3821 480 Graue
3854 430 3955 476 van
3988 425 4357 475 Rennenborch
4390 421 4758 469 Stadthouder

3270 503 3353 550 van
3379 497 3630 547 Vrieslant
3656 496 3713 542 en
3740 495 3989 540 Oueryssel
4016 495 4072 540 en
4099 492 4320 540 begeven)
4347 487 4652 537 assistentie
4679 485 4763 531 van

3276 574 3372 620 een
3402 569 3529 617 last
3559 566 3749 614 cruyts
3780 565 3875 611 tot
3905 563 4251 610 veroenering
4282 562 4377 608 van
4406 557 4658 606 Deuenter
4688 553 4752 601 en

3266 645 3416 695 heeft
3445 639 3804 689 geresolveert
3833 638 4012 684 datmen
4042 637 4221 683 tselve
4249 635 4340 681 mit
4368 632 4518 679 goede
4547 627 4786 676 middelen

3277 721 3397 768 ende
3427 718 3636 766 redenen
3664 717 3725 763 of
3754 713 3964 761 scriven
3992 708 4112 757 sull

2785 947 3091 1001 Beleeninge
3120 936 3215 990 van

2782 1019 3083 1073 Vresswyjck
3111 1003 3233 1062 gent

2771 1099 2853 1146 de
2892 1088 3097 1144 vaert

3268 929 3624 976 Geresolveert
3654 929 3803 976 byden
3832 928 3951 974 Rade
3980 928 4158 973 datmen
4188 927 4337 973 boven
4366 927 4663 973 versoucken
4693 928 4782 975 sal

3257 999 3393 1050 ome)
3426 999 3492 1044 de
3525 999 3691 1045 hoghe
3724 998 4121 1045 heerlickheyt
4153 998 4252 1043 van
4285 998 4550 1043 Weeswyck
4582 998 4749 1045 alies

3267 1068 3328 1113 de
3359 1069 3542 1115 vaert,
3571 1070 3875 1117 mitsgaders
3905 1071 3966 1116 al
3996 1070 4148 1116 tgene
4178 1071 4239 1117 de
4270 1072 4392 1118 Mat.
4421 1074 4604 1120 aldaer
4634 1075 4846 1121 toecomt

3256 1147 3312 1194 In
3338 1148 3584 1194 beleninge
3611 1148 3666 1193 te
3693 1148 3856 1193 crigen

3251 1331 3368 1378 Opde
3396 1331 3743 1378 verscoyninge
3771 1331 3858 1377 van
3887 1332 4061 1377 Staten
4089 1331 4147 1377 es
4175 1327 4522 1376 geresolueert
4551 1326 4697 1373 sulcx
4724 1329 4811 1376 als

3284 1404 3352 1451 in
3383 1401 3617 1450 mergine
3650 1400 3883 1446 vandien
3917 1398 4283 1446 geannoteert
4315 1394 4515 1442 staet.

3729 1625 3842 1678 den
3877 1621 4095 1670 xxvien
4129 1616 4384 1665 Augusty

2830 1858 3111 1928 Motens

3223 1767 3283 1813 de
3314 1768 3434 1815 vier
3464 1767 3765 1815 molennairs
3794 1766 3944 1812 buten
3974 1765 4034 1811 de
4064 1765 4275 1810 wittebr
4304 1764 4454 1810 poort
4484 1763 4665 1809 voiren
4694 1763 4817 1812 Rade

3266 1836 3518 1885 ontboden
3549 1839 3643 1885 zyn
3675 1838 3738 1884 is
3769 1834 4177 1883 voirgehouden,
4207 1833 4270 1879 om
4302 1832 4428 1878 hore
4458 1830 4646 1877 molens
4677 1830 4772 1877 off

3275 1906 3328 1951 te
3355 1907 3515 1953 breken
3541 1908 3648 1953 ende
3673 1907 3726 1952 te
3753 1905 3992 1952 verkiesen
4017 1904 4098 1950 een
4123 1901 4310 1948 plantse
4336 1897 4497 1945 binnen
4522 1896 4628 1941 dese
4655 1894 4788 1941 stadt

3267 1979 3419 2026 dawse
3449 1981 3571 2026 hoir
3601 1981 3783 2027 molens
3813 1978 3995 2025 souden
4025 1976 4177 2023 mogen
4207 1973 4419 2020 setten,
4449 1971 4632 2017 alwanr
4661 1970 4812 2018 heml.

3267 2052 3360 2103 van
3391 2058 3575 2104 stadts
3605 2058 3758 2104 wegen
3788 2054 4064 2102 geputeert
4094 2052 4247 2099 worde
4278 2051 4340 2097 de
4370 2050 4493 2096 voet
4523 2049 4585 2095 te
4615 2046 4767 2094 laten

3282 2136 3492 2182 maken

2827 2390 3138 2457 Quotisatie

3242 2363 3300 2408 De
3330 2364 3505 2410 Cedule
3533 2364 3620 2410 van
3649 2361 3940 2408 quotisatie
3968 2359 4114 2405 byden
4142 2359 4520 2405 gedeputeerden
4548 2360 4751 2406 geraemt

3265 2438 3323 2483 en
3352 2436 3525 2482 plonts
3553 2435 3668 2481 vant
3696 2434 3869 2480 dragen
3897 2432 4041 2478 vande
4070 2430 4415 2477 sidelakenen,
4443 2430 4501 2476 is
4529 2431 4587 2476 op
4615 2429 4790 2476 huyden

3275 2511 3437 2557 byden
3469 2509 3599 2555 rode
3631 2505 4019 2554 geabsolveert
4049 2501 4180 2549 ende
4211 2493 4443 2545 belieft

3800 2735 3899 2781 Den
3931 2733 4162 2782 xxviie.
4194 2728 4424 2778 augusti

2881 2893 3198 2960 Mombers

3203 2889 3304 2936 Ten
3338 2888 3640 2934 versoucke
3673 2887 3774 2932 van
3807 2883 4076 2931 Bastiaen
4109 2880 4344 2928 Henrick
4378 2879 4446 2925 de
4478 2879 4680 2924 goyers
4712 2872 4848 2924 zoon
