5181 3765
511 241 647 303 1578

249 173 430 246 april

197 312 291 369 111
307 271 463 348 april

1085 289 1313 335 Anno
1370 290 1483 335 xv

172 462 385 526 ontfr.
416 454 522 504 van

182 510 551 584 outschiltgel.

187 591 301 643 ende
324 577 465 634 Camer
489 568 575 620 van

180 645 475 709 kerkendick
502 640 562 688 ec

603 450 668 496 Op
701 448 895 495 huyden
926 447 992 493 es
1024 445 1251 491 bydrade
1283 440 1704 489 geresoluveert
1734 436 1929 484 datmen
1962 434 2092 481 ande
2123 431 2319 478 Staten

627 510 927 558 vervolgen
960 510 1027 555 en
1060 509 1327 554 onhanden
1360 508 1494 553 sall
1525 506 1626 552 dat
1658 504 1726 550 hy
1758 500 1959 549 volgen
1991 496 2125 544 hore
2158 494 2291 541 oude

631 576 997 623 premilegien
1030 576 1163 622 ende
1196 577 1263 622 om
1296 576 1496 623 dselue
1528 575 1595 621 te
1627 569 1994 620 mainteneven
2027 568 2127 614 ter
2158 562 2325 612 stont

636 652 996 701 affdancken
1032 650 1212 697 louff
1247 649 1463 694 vanden
1499 647 1643 693 haer
1677 644 1786 691 als
1821 634 2110 688 Cameraer
2144 629 2360 678 vanden

641 728 946 778 Ontschilt
978 725 1148 772 gelde
1181 725 1518 770 Leckendyck
1551 722 1687 769 ende
1719 716 2057 766 hynderdam,
2090 714 2461 761 nominerende

655 817 781 865 ende
810 805 1092 860 stellende
1123 804 1217 850 een
1247 801 1403 848 ander
1434 798 1652 846 persoon
1682 796 1807 843 vuyt
1838 796 1932 841 den
1962 796 2149 841 Staten
2180 796 2274 842 tot
2304 797 2429 846 elck

653 886 888 934 Officie
922 883 1190 931 voirsch,
1223 883 1290 928 om
1324 882 1525 928 tselue
1557 879 1659 926 aen
1692 878 1759 924 le
1793 877 1994 923 tasten
2027 876 2128 922 St.
2161 872 2462 921 Jansmisse

638 969 932 1016 toecomen)
964 966 1096 1013 ende
1127 964 1323 1010 voirts
1355 964 1420 1009 te
1452 960 1714 1009 bedienen
1745 959 1810 1005 na
1843 957 2006 1004 ouden
2038 955 2364 1002 heercommen

1144 1193 1239 1243 Den
1267 1199 1450 1246 xiijen
1479 1200 1723 1246 aprilis.

577 1408 704 1454 Aert
735 1410 954 1455 dircksz
985 1409 1079 1455 van
1110 1408 1298 1454 leyden
1329 1405 1517 1452 eerste
1546 1401 1735 1449 burger
1765 1400 1829 1446 md
1860 1398 1954 1444 als
1985 1395 2235 1443 verleden
2265 1391 2453 1440 eerste

645 1480 888 1528 Cameraer
919 1480 980 1525 es
1010 1479 1162 1524 byden
1191 1478 1312 1524 rade
1341 1470 1706 1522 geordonneert
1735 1467 1827 1514 uit
1856 1462 2099 1512 executie
2128 1460 2190 1506 te
2219 1455 2525 1505 procederen

636 1554 837 1604 Jegens
871 1552 971 1598 den
1004 1550 1171 1597 geuen
1204 1548 1304 1594 dan
1336 1547 1404 1593 hy
1436 1544 1537 1591 van
1569 1538 1770 1588 Stadts
1803 1534 1971 1582 wegen
2003 1531 2104 1578 aen
2136 1529 2237 1575 ten
2269 1526 2536 1573 achteren

647 1629 713 1674 es
746 1628 845 1674 ten
878 1626 1043 1673 eynde
1076 1625 1142 1671 hy
1174 1623 1273 1669 zyn
1305 1619 1504 1668 Rekenn
1536 1616 1636 1663 mit
1667 1613 1767 1660 den
1799 1609 2031 1657 eersten
2063 1607 2195 1654 mach
2227 1604 2464 1652 affdoen

645 1704 1018 1753 Ordonneren)
1051 1699 1255 1748 vourts
1288 1695 1459 1743 Peter
1491 1692 1594 1739 van
1626 1688 1796 1736 lomel
1830 1686 1966 1733 duer
1999 1683 2236 1731 weerden
2270 1681 2540 1728 daermede

650 1780 856 1827 mutter
890 1778 1027 1825 daer
1060 1774 1267 1823 voirts
1299 1772 1369 1818 te
1402 1768 1574 1816 varen
1607 1765 1677 1812 op
1710 1765 1847 1810 pene
1881 1764 1984 1810 van
2018 1762 2292 1809 poinatie
2326 1763 2432 1811 van

643 1858 811 1907 zynen
843 1854 1043 1902 dienst

157 2176 382 2233 corting

580 2092 773 2139 Geerrt
805 2092 1094 2140 lubbertsz
1124 2091 1189 2137 is
1221 2086 1606 2135 geremitteert
1638 2085 1735 2131 van
1766 2083 1895 2129 huyr
1926 2081 2055 2128 vant
2086 2079 2279 2126 Cinpel
2310 2078 2406 2124 van

636 2165 888 2211 wittevr)
918 2163 1014 2210 tot
1044 2155 1391 2208 Tollesteech
1421 2153 1517 2199 toe
1548 2150 1800 2198 vuytgaen
1830 2146 1957 2194 pety
1987 2143 2114 2190 anno
2144 2141 2335 2191 lxxvii

638 2233 908 2285 Sevenende
937 2227 1177 2277 twyntich
1207 2225 1387 2272 gulden
1416 2224 1655 2270 ouermits
1685 2223 1745 2269 hy
1774 2219 1955 2267 tselue
1983 2216 2104 2263 nyet
2132 2214 2193 2260 en
2222 2210 2372 2258 heeft

643 2306 804 2352 mogen
835 2298 1157 2350 gebruycken
1188 2296 1317 2343 deur
1348 2295 1477 2341 dien
1508 2295 1572 2340 de
1605 2295 1734 2341 heer
1765 2296 1862 2341 van
1893 2296 2118 2342 hyerges
2149 2298 2411 2348 dagelicx

630 2386 735 2435 mit
769 2384 872 2431 zyn
906 2378 1146 2429 peeeden
1178 2372 1316 2421 danr
1349 2370 1419 2417 op
1452 2369 1589 2415 rede
1623 2369 1658 2414 &
1691 2369 1828 2414 andl
1862 2368 2106 2417 redenen

175 2671 423 2727 Hopluijden
447 2667 647 2717 overste

608 2616 674 2670 de
703 2627 829 2676 Raet
859 2626 1017 2675 heeft
1047 2624 1142 2671 met
1172 2620 1361 2668 aduyse
1393 2618 1487 2665 van
1518 2617 1612 2663 myn
1642 2615 1769 2661 heer
1800 2614 1863 2659 de
1894 2612 2082 2658 Schout
2113 2610 2488 2657 gecomitteert

654 2701 769 2749 ende
796 2697 1025 2746 gestelt,
1052 2690 1366 2741 committeert
1394 2688 1508 2735 ende
1535 2685 1678 2733 stelt
1706 2684 1764 2730 by
1791 2682 1906 2728 dese
1934 2680 2020 2726 tot
2048 2679 2134 2725 een
2162 2675 2361 2724 Ouerste

617 2773 913 2827 Lutenant
949 2768 1097 2817 ouer
1132 2766 1207 2813 de
1243 2763 1390 2810 acht
1426 2754 1977 2808 voigerhopluyden
2013 2752 2270 2798 Laurens
2307 2752 2416 2797 van

621 2845 897 2892 nyehoff
936 2843 1093 2889 Raet

207 3012 612 3068 wapenschouwin

627 2989 728 3044 Eth
754 2980 944 3031 gegost
975 2979 1037 3024 de
1068 2980 1255 3026 bingen
1285 2975 1566 3026 hepluyden
1595 2973 1690 3020 een
1719 2969 1875 3017 quael
1905 2952 2371 3013 wapenschouwinge

648 3033 722 3086 op
759 3037 1051 3086 Meijdach

2946 1 3043 53 e

4774 110 4888 165 31

2761 151 2859 214 14
2898 115 3127 190 april
3162 77 3347 154 1578

2764 276 2849 325 15
2888 244 3095 318 april
3127 200 3295 282 1648

3741 252 4029 303 Lxxvii

2630 464 2662 511 3
2688 458 2801 507 more
2829 455 3024 502 wirsten

3197 389 3580 445 Geresolveert
3610 386 3770 434 byden
3802 384 3929 431 rade
3959 379 4151 429 datmen
4181 371 4404 423 voirtan
4434 368 4499 415 op
4529 363 4657 412 alle
4688 359 4910 407 eetbare

3204 458 3348 509 ware
3383 454 3491 502 van
3525 445 3882 498 botterkese
3916 443 3953 489 &
3987 434 4237 486 ventoet
4271 424 4628 478 mitsgaders
4662 420 4804 468 opde

3218 523 3390 573 wolle
3424 518 3562 567 ende
3594 512 3800 562 hennip
3833 508 4005 556 zware
4038 502 4244 552 wichte
4277 497 4415 546 Ende
4448 491 4620 541 woghe
4653 486 4927 534 gebruken

3235 593 3368 640 sall
3400 590 3501 637 Int
3532 582 3831 634 ontfangen
3862 581 3896 626 &
3928 570 4293 625 vuytleueren
4325 565 4491 615 vande
4523 558 4690 608 selue
4721 553 4887 602 waren

3225 669 3426 717 gelycx
3460 665 3627 713 Inden
3659 660 3794 709 Jare
3825 656 3926 704 van
3958 643 4326 700 Eixverleden
4358 636 4526 687 byden
4558 631 4692 680 Rade
4724 628 4860 675 voir

3217 747 3361 796 goet
3395 738 3681 791 gebonden
3715 735 3787 782 es
3822 730 3930 778 tot
3964 716 4356 774 augmentatie
4389 710 4498 760 van
4531 702 4782 754 nevinge
4817 703 4852 748 &

3226 813 3665 869 coopmanschap
3701 807 3885 857 deser
3920 800 4140 851 Stadt.

2677 1105 2975 1165 Bolwerck

3207 1046 3268 1094 Op
3295 1049 3468 1094 huyden
3497 1044 3872 1094 compareerden,
3900 1039 4074 1088 voirdn
4103 1037 4219 1083 Rade
4246 1034 4392 1081 Simon
4419 1026 4680 1078 cornelisz
4707 1022 4852 1070 Reyer

3236 1111 3528 1158 heertgens
3560 1111 3690 1156 ende
3721 1107 3884 1156 peter
3915 1100 4143 1151 petersz
4174 1097 4402 1144 brieven
4433 1094 4532 1141 van
4563 1090 4887 1138 langendyck

3241 1184 3272 1229 &
3304 1180 3615 1228 belooffden
3644 1179 3708 1225 by
3738 1170 4112 1223 hanttastinge
4141 1168 4205 1214 in
4235 1165 4330 1212 myn
4359 1161 4484 1209 heer
4514 1159 4578 1206 de
4607 1153 4826 1204 Schouts

3237 1251 3460 1296 handen,
3492 1249 3683 1296 sonder
3713 1244 3937 1294 consent
3968 1240 4160 1289 vanden
4190 1237 4319 1285 Rade
4349 1234 4446 1282 van
4476 1231 4605 1279 hier
4636 1229 4763 1275 nyet
4795 1228 4858 1274 te

3231 1322 3564 1368 vertrecken
3597 1321 3697 1367 ten
3729 1320 3797 1366 zy
3829 1315 3997 1364 datse
4028 1313 4096 1359 de
4128 1309 4296 1357 helft
4328 1306 4462 1354 vant
4495 1306 4761 1351 bolwerck
4794 1306 4861 1353 by

3252 1393 3624 1441 Gonnenborch
3658 1392 3726 1438 by
3759 1390 3928 1437 Reyer
3961 1386 4131 1435 voirs
4163 1378 4468 1430 angenomen
4502 1375 4839 1423 opgelevert

3265 1466 3462 1513 sullen
3495 1465 3692 1511 hebben
3724 1463 3791 1509 en
3822 1458 4053 1507 voldaen
4085 1453 4349 1503 tbesteck
4380 1450 4513 1497 daer
4544 1447 4644 1494 van
4675 1441 4840 1491 zynde

3261 1548 3351 1594 Opt
3381 1542 3652 1592 verboeren
3681 1539 3772 1586 van
3801 1535 3952 1583 sulcx
3981 1533 4042 1579 ay
4071 1530 4192 1577 hore
4221 1526 4462 1574 personen
4491 1525 4551 1571 en
4581 1522 4821 1570 goederen

3265 1625 3341 1671 te
3377 1621 3565 1669 mogen
3601 1616 3900 1665 verhalen
3936 1602 4386 1659 Versouckende
4420 1604 4458 1651 .

3808 1863 3918 1909 Den
3955 1860 4102 1907 xven
4137 1853 4394 1904 Aprilis

2797 2099 2904 2149 uts

3239 2041 3294 2087 Uy
3320 2038 3484 2087 huyden
3509 2030 3835 2082 compareerden
3861 2026 4052 2075 voirden
4077 2022 4295 2071 gerechte
4321 2019 4404 2066 van
4429 2015 4620 2064 utrecht
4646 2013 4836 2060 Antonis

3280 2103 3561 2152 dirckssz,
3592 2101 3687 2148 Jan
3716 2094 3998 2145 cornelisz
4028 2089 4217 2138 sinder
4247 2087 4373 2134 ende
4403 2082 4654 2131 Cornelis
4684 2082 4842 2132 Danss

3273 2175 3467 2224 breven
3498 2171 3691 2220 vanden
3721 2163 4073 2215 Langendyck,
4103 2162 4136 2207 &
4167 2154 4455 2206 geloofden
4486 2151 4551 2198 an
4581 2146 4774 2195 steven

3269 2250 3456 2298 handen
3486 2248 3580 2295 van
3609 2244 3734 2292 hier
3763 2240 3888 2288 nyet
3917 2237 3980 2284 te
4009 2230 4257 2281 scheyden
4287 2226 4412 2274 voir
4441 2223 4565 2270 ende
4595 2220 4749 2267 aleer

3280 2326 3381 2374 dat
3413 2323 3481 2370 hy
3512 2321 3580 2367 de
3611 2316 3778 2365 helft
3810 2312 3944 2360 vant
3975 2304 4241 2356 bolwerck
4272 2302 4340 2348 by
4373 2298 4638 2346 Cornelis
4670 2297 4769 2343 Jan

3284 2400 3539 2447 dappersz
3570 2389 3858 2444 angenomen
3889 2381 4177 2433 volmanckt
4208 2374 4400 2426 sullen
4431 2370 4624 2418 hebben
4655 2370 4783 2418 ende

3264 2477 3490 2524 voldaen
3521 2474 3619 2521 zyn
3650 2468 3877 2518 besteck
3907 2466 3973 2512 of
4004 2462 4102 2510 dat
4133 2455 4392 2506 Cornelis
4422 2452 4520 2499 Jan
4551 2448 4809 2497 dappersz

3284 2548 3462 2598 seluer
3490 2547 3550 2593 in
3578 2540 3784 2591 persoon
3811 2537 3929 2585 hier
3957 2532 4163 2582 gecomen
4191 2530 4309 2577 ende
4337 2524 4484 2574 sulcx
4512 2516 4718 2568 gelooft
4746 2514 4834 2561 sal

3284 2624 3464 2670 hebben
3493 2620 3644 2669 Onder
3673 2618 3704 2664 t
3733 2611 3944 2662 verbant
3972 2607 4063 2655 van
4092 2602 4213 2651 hare
4242 2594 4483 2646 personen
4511 2592 4572 2639 en
4601 2585 4846 2636 goederen

3305 2695 3666 2749 versoucken)
3696 2693 3730 2739 &
3761 2683 3990 2736 Gefoirt
4022 2681 4056 2726 d
4087 2673 4316 2725 gerecht
4347 2656 4706 2716 condemneert

2838 2970 2911 3023 4s
2941 2961 3013 3011 Op
3043 2943 3251 3003 huyden
3282 2930 3658 2987 compareeren
3690 2923 3896 2974 vooren
3929 2913 4203 2967 gerechte
4234 2909 4338 2957 van
4370 2901 4610 2953 Utrecht
4642 2894 4882 2945 Michiel
