5201 3770
190 225 276 283 19
308 185 512 263 april
545 161 708 225 1578

223 345 305 400 21
335 309 531 383 april
562 276 718 348 1528

620 394 935 450 grondelick
965 392 1029 438 te
1060 388 1436 437 onderrichten
1466 383 1655 432 vanden
1684 376 2061 428 gelegentheyt
2092 373 2249 421 vande
2279 371 2407 419 sake

645 467 778 516 ende
811 463 879 511 de
910 458 1177 507 gemeente
1210 457 1310 503 mit
1343 456 1410 502 de
1442 452 1742 501 Magiswaet
1774 450 1875 496 des
1907 446 2075 494 stadt
2108 445 2241 491 daer
2273 441 2406 490 Onne

643 538 712 585 te
745 522 1048 581 excuseren

1201 717 1311 764 den
1347 717 1456 763 xxi
1491 710 1746 761 Aprilis

266 892 502 966 Munte

612 876 681 921 De
716 877 854 923 taer
888 875 1233 923 ordonneert
1266 873 1371 920 den
1404 871 1611 918 muntmr
1645 868 1783 915 vuyt
1816 866 1886 913 de
1920 858 2197 910 reseruen
2230 858 2333 904 des

646 940 813 987 stadt
846 939 1111 986 toecomen
1143 938 1210 983 te
1243 936 1475 983 betalen
1507 934 1640 980 hans
1671 931 1772 978 van
1804 924 2037 975 usfelen
2068 918 2300 969 coopman

634 1009 736 1054 van
770 1009 905 1055 elck
938 1009 1107 1055 marck
1141 1007 1243 1053 fyn
1276 1005 1513 1052 siluers
1545 1003 1614 1050 by
1647 1000 1750 1047 hen
1782 992 2054 1044 gelevert
2086 990 2155 1036 om
2187 984 2390 1034 smiers

656 1086 752 1132 off
784 1083 978 1131 gemunt
1009 1082 1073 1128 te
1105 1078 1330 1127 worden,
1360 1076 1457 1123 zes
1488 1070 1682 1120 samers
1712 1066 1874 1115 boven
1904 1062 2065 1110 tgene
2096 1059 2193 1106 hen
2224 1056 2417 1104 volgen

660 1163 910 1215 taccord
945 1161 1053 1207 met
1087 1157 1195 1205 den
1230 1151 1445 1201 mantie
1480 1143 1767 1195 gemaeckt
1801 1140 1945 1187 daer
1979 1138 2087 1184 van
2122 1134 2375 1182 toecomt

651 1247 771 1300 ende
799 1243 887 1291 dat
914 1240 1002 1287 tot
1030 1232 1349 1284 verballinge
1377 1230 1465 1277 van
1492 1228 1580 1274 zyn
1609 1225 1783 1272 reysen
1810 1221 1927 1269 ende
1955 1216 2101 1265 grote
2128 1209 2377 1260 oncosten

654 1320 753 1367 die
784 1320 851 1366 hy
883 1317 1015 1364 doen
1046 1315 1178 1362 moet
1210 1313 1277 1359 om
1308 1309 1538 1358 tsiluer
1570 1307 1637 1354 te
1668 1300 1997 1352 vergaderen
2028 1298 2095 1345 en
2127 1290 2390 1342 herwerts
2421 1288 2489 1335 te

656 1399 896 1449 brengen

188 1686 376 1736 Rasport
401 1681 484 1730 der
510 1681 617 1726 uyt

235 1731 514 1793 geleyde

640 1633 1046 1685 Geconsenteert
1076 1632 1295 1681 bydrade
1326 1630 1513 1676 datmen
1544 1629 1607 1675 de
1638 1625 1981 1674 vuytgeleyde
2011 1623 2198 1670 psonen
2229 1621 2480 1668 paspoort

673 1707 770 1753 sal
802 1705 964 1752 geven
995 1702 1125 1749 voir
1156 1698 1286 1746 haer
1317 1693 1544 1742 persoon
1576 1693 1641 1738 en
1672 1692 1962 1739 goederen,
1994 1689 2124 1737 mits
2155 1686 2253 1734 dat
2283 1681 2350 1729 zy
2379 1678 2448 1725 de

665 1778 873 1827 gemene
907 1776 1080 1822 viant
1113 1773 1252 1821 nyet
1285 1770 1390 1817 toe
1423 1768 1493 1814 en
1526 1759 1802 1812 trecken.

282 2052 356 2106 B.
389 2047 460 2097 s.

628 1985 753 2032 Opde
785 1980 1160 2029 verscryvinge
1190 1977 1285 2024 van
1315 1974 1504 2022 Staten
1533 1971 1691 2019 legen
1720 1966 1909 2015 huyden
1939 1964 2003 2011 es
2033 1954 2408 2008 geresolueert

656 2048 950 2099 bydrude,
986 2043 1208 2093 datmen
1243 2035 1575 2088 tversouck
1610 2032 1721 2079 van
1756 2026 2124 2076 Gebressche
2160 2023 2272 2070 mit
2307 2018 2491 2068 goede

657 2117 900 2170 middelen
930 2113 1172 2161 offslaen
1200 2109 1352 2157 sall,
1381 2102 1653 2153 nyettemin
1682 2098 1864 2147 Indien
1894 2097 1955 2143 zy
1984 2096 2075 2142 van
2105 2094 2286 2141 guadle
2316 2092 2499 2140 staten

673 2193 838 2240 einge
870 2187 1198 2237 assignatie
1229 2183 1394 2232 cunez
1425 2176 1688 2227 verwerne
1720 2172 1852 2220 opde
1884 2171 1982 2216 iia
2014 2170 2081 2216 ve
2112 2167 2244 2214 guld
2276 2167 2472 2213 ibydem

677 2268 873 2321 staten
905 2265 1003 2312 van
1034 2258 1261 2309 utrecht
1291 2254 1421 2302 voor
1452 2250 1614 2299 enige
1645 2245 1872 2295 maenden
1903 2241 2323 2290 geconsenteert
2355 2240 2452 2287 Soe

680 2345 877 2396 salmen
908 2342 1071 2390 heml.
1101 2335 1296 2386 geerve
1327 2330 1457 2379 danr
1488 2326 1618 2374 Inne
1649 2321 2005 2371 behulpelick
2037 2320 2133 2366 zyn

638 2430 770 2478 Ecpt
802 2423 1032 2474 anderde
1063 2418 1293 2468 poinct,
1324 2414 1521 2463 datmen
1552 2410 1749 2458 tselve
1781 2405 1978 2454 behout
2009 2401 2108 2449 off
2140 2397 2207 2445 te
2237 2393 2407 2441 slaen

657 2496 782 2542 ende
812 2491 1031 2540 begeert
1061 2489 1125 2535 de
1155 2487 1281 2533 Raet
1310 2483 1498 2531 voirts
1528 2479 1716 2528 datter
1746 2475 1903 2523 ordre
1933 2469 2090 2519 byden
2120 2462 2308 2513 Staten
2338 2458 2556 2507 gestelt

546 2557 641 2605 Ne.
669 2560 791 2609 mach
821 2562 1003 2609 werden
1032 2558 1215 2607 datmen
1244 2556 1306 2602 om
1335 2553 1397 2600 so
1426 2548 1609 2598 cleyne
1638 2545 1791 2592 saken
1821 2543 1943 2590 geen
1973 2533 2337 2588 versconnigen
2365 2531 2427 2578 en
2457 2531 2578 2576 doe

635 2782 697 2828 Op
726 2777 908 2826 huyden
937 2774 999 2821 is
1027 2770 1179 2819 Inden
1208 2767 1330 2815 rade
1358 2761 1751 2811 ondergelevert
1780 2761 1901 2807 ende
1931 2762 2112 2808 voorts
2142 2761 2412 2808 opgelesen

652 2850 754 2902 Een
786 2840 1217 2894 Remonstrantie
1249 2836 1383 2884 ende
1414 2832 1679 2881 deductie
1712 2832 1878 2877 vande
1910 2829 2142 2877 redenen
2174 2826 2442 2875 hindelen

1107 2906 1282 2958 -

665 2922 794 2974 ende
824 2913 1047 2965 motiuen

4865 122 4977 183 34

2673 194 2767 253 21
2803 158 3026 232 april
3066 141 3242 200 1578

3694 217 4013 274 Lxxviii

3130 322 3377 373 waerome
3412 327 3623 373 sekere
3657 322 3939 371 personen
3972 319 4079 366 tot
4113 313 4325 363 tieuen
4358 309 4465 357 toe
4499 305 4711 354 getale
4745 305 4850 350 als

3244 397 3474 445 suspect
3507 396 3639 442 ende
3670 392 3901 440 tgemeen
3932 384 4196 436 welnaert
4227 374 4523 428 beletten)
4554 368 4687 418 vuyt
4718 364 4821 412 des

3244 471 3399 517 stadt
3430 468 3555 515 doen
3585 461 3896 512 vertrecken
3926 458 4020 505 zyn
4050 455 4175 502 voir
4205 452 4299 499 des
4329 450 4423 497 tyt
4453 445 4640 494 sonder
4671 444 4887 490 dselfde

3243 542 3317 589 in
3351 541 3497 588 goet
3531 537 3677 585 ofte
3711 532 3893 581 bloet
3928 530 4002 577 te
4036 526 4470 574 beschadigen.
4505 526 4579 572 En
4613 525 4687 571 is
4721 522 4831 569 ge

3238 617 3577 670 ordonneert
3609 614 3812 662 datmen
3845 611 4015 658 Copie
4047 604 4284 655 vandien
4317 601 4485 648 frans
4518 593 4888 645 bothanderde

3223 701 3518 749 burgermen
3551 696 3944 746 gecomitteeot
3976 694 4042 740 an
4074 694 4173 739 zyy
4205 693 4336 739 xxmi
4369 692 4403 738 ,
4432 683 4729 737 naschudey
4761 681 4893 728 sull

3719 926 3847 972 dese
3879 923 4167 970 nervolgen
4198 917 4487 967 antwoirde
4517 914 4646 961 Inde
4678 912 4837 959 Roede

3749 992 3969 1041 gelesen
4000 989 4158 1037 zynde
4188 987 4252 1033 es
4282 983 4502 1031 belieft
4532 980 4659 1027 also
4688 976 4814 1024 ouer

3751 1057 3947 1108 geleudt
3974 1054 4031 1101 te
4057 1048 4225 1098 worden
4252 1047 4308 1092 en
4335 1046 4446 1092 ansy
4474 1044 4613 1090 heren
4640 1040 4808 1088 vanden

3759 1125 3898 1174 sone
3931 1122 4036 1170 van
4069 1107 4311 1166 Utrecht

2748 1416 2850 1463 van
2883 1410 3053 1460 appel
3086 1410 3153 1455 in

2747 1487 2884 1536 saken
2911 1483 2994 1531 van
3020 1482 3210 1529 Politie

3211 1358 3276 1407 De
3305 1363 3614 1411 Regierders
3644 1361 3738 1407 der
3767 1358 3923 1406 Stadt
3953 1355 4169 1403 Utrecht
4200 1353 4386 1400 gesien
4416 1351 4602 1398 hebben
4632 1345 4818 1396 zekere

3271 1423 3493 1476 Extract
3524 1427 3683 1475 vuyte
3714 1421 4029 1471 Instouctut
4061 1418 4250 1465 vanden
4280 1415 4439 1463 stone
4469 1410 4818 1460 prouinciael

3266 1497 3560 1544 Tuytrecht
3592 1495 3690 1541 van
3723 1494 3854 1540 date
3884 1492 3983 1539 den
4015 1489 4114 1536 iin
4145 1485 4374 1534 aprilis
4407 1483 4538 1529 anno
4569 1480 4668 1527 xvt
4700 1480 4797 1526 xxx

3260 1572 3398 1620 hier
3431 1570 3535 1617 nae
3569 1565 3979 1614 geinsereert,
4012 1560 4150 1609 xln.
4182 1557 4286 1604 dat
4319 1552 4457 1601 alle
4489 1546 4798 1596 vonnissen

3262 1641 3476 1688 gewesen
3506 1640 3567 1686 in
3596 1636 3811 1684 materie
3840 1634 3933 1681 van
3962 1629 4237 1679 pottitien
4266 1625 4389 1674 ende
4418 1622 4541 1670 ande
4572 1613 4906 1666 diergelycke

3251 1708 3721 1761 gepremuligeerde
3752 1706 3940 1753 saken,
3971 1703 4159 1750 zullen
4188 1697 4564 1748 geexecuteert
4594 1693 4782 1741 worden

3233 1785 3365 1834 nyet
3397 1780 3791 1829 Jegenstaende
3823 1776 4052 1824 theroex
4084 1773 4314 1821 vandien
4345 1769 4575 1817 gedaen,
4608 1768 4674 1813 so
4706 1766 4870 1812 verre

3253 1860 3370 1911 die
3406 1855 3673 1904 namaels
3710 1851 3939 1900 souden
3977 1849 4167 1896 wesen
4204 1843 4547 1893 reparabel
4586 1838 4851 1888 Tenware

3265 1936 3365 1983 dat
3398 1934 3531 1981 vuyt
3562 1931 3696 1979 seer
3727 1923 4092 1975 merckelicke
4124 1920 4258 1967 ende
4290 1916 4555 1965 eindente
4588 1914 4820 1961 redenen

3251 2011 3448 2063 andere
3480 2007 3741 2056 provisie
3772 2002 3936 2051 byden
3968 1997 4326 2047 Stadthouder
4357 1995 4487 2042 ende
4519 1992 4683 2040 Raden
4714 1990 4845 2037 gede

3263 2087 3605 2142 cerneert
3647 2080 3903 2131 werde.
3943 2075 4114 2124 Ende
4156 2071 4453 2120 gehoort
4494 2065 4833 2115 trapport

3242 2167 3397 2214 vande
3426 2156 3856 2211 gecomitteerden
3886 2152 3979 2200 die
4008 2148 4193 2197 tselve
4223 2145 4378 2192 byden
4407 2144 4530 2190 hove
4561 2141 4897 2189 prominciael

3262 2238 3389 2285 doen
3420 2233 3644 2282 leveren
3675 2232 3771 2278 was
3801 2229 3898 2276 ede
3928 2226 4025 2273 hem
4055 2217 4437 2270 ouergebracht
4469 2218 4693 2265 hebben,
4723 2221 4882 2270 laten

3272 2314 3371 2362 hem
3403 2310 3695 2359 beduncken
3727 2306 3890 2354 onder
3921 2298 4182 2350 behoirl.
4213 2294 4539 2343 reneventie
4571 2293 4863 2343 gesproken

3265 2392 3371 2438 dat
3406 2392 3512 2438 myn
3545 2389 3722 2437 heren
3755 2386 3862 2433 byt
3896 2381 4073 2430 appt.
4106 2378 4213 2425 den
4246 2371 4563 2422 Tollenaer
4598 2369 4883 2416 verleent

3277 2469 3378 2516 van
3411 2470 3545 2515 date
3578 2468 3680 2514 den
3712 2464 3881 2512 xxvii
3913 2459 4082 2508 marty
4114 2452 4417 2504 verleden,
4450 2451 4752 2497 grotelick
4785 2451 4885 2496 ge

3289 2544 3595 2593 excedeert
3628 2540 3765 2588 ende
3797 2538 3866 2585 te
3900 2536 4104 2583 buyten
4136 2531 4341 2581 gegaen
4374 2527 4579 2575 hebben
4612 2526 4646 2571 t
4680 2525 4884 2571 voirsz

3271 2621 3495 2672 poinct
3532 2618 3644 2665 van
3680 2610 4089 2663 Dustonctie,
4124 2603 4459 2654 Nyeffenin
4495 2599 4755 2648 begeren
4791 2599 4902 2645 wel

3269 2705 3337 2751 om
3371 2703 3507 2750 alle
3540 2693 3881 2747 onverstant
3914 2690 3983 2737 te
4016 2683 4323 2735 verhueden
4355 2680 4458 2727 dat
4492 2677 4696 2725 sulcke
4730 2677 4865 2722 ende

3261 2787 3400 2836 dier
3434 2780 3676 2831 gelycke
3709 2773 3917 2824 andere
3950 2764 4227 2817 questien
4260 2758 4468 2808 daerby
4501 2754 4605 2802 myn
4639 2752 4811 2799 heren

3218 2865 3437 2919 vanden
3472 2860 3618 2909 Rade
3653 2846 4088 2904 provincirel,
4123 2842 4233 2890 hem
4268 2837 4450 2886 dunct
4485 2835 4559 2882 te
4593 2833 4667 2879 na
4702 2829 4812 2877 yet
4846 2827 4919 2874 te
